Poker Hand #1171217378123557259: ShortDeck No Limit ($100) - 2021/04/01 11:44:46
Table 'VS2 100' 5-max Seat #5 is the button
Seat 1: 951600 ($11,965 in chips)
Seat 4: 559023 ($5,647.9 in chips)
Seat 5: 1802531 ($1,334 in chips)
951600: posts the ante $100
559023: posts the ante $100
1802531: posts the ante $100
1802531: posts button blind $100
*** HOLE CARDS ***
Dealt to 559023 [8c 7d]
951600: calls $100
559023: folds
1802531: raises $1,134 to $1,234 and is all-in
951600: calls $1,134
1802531: shows [Td Ts]
951600: shows [Qs Ks]
*** FIRST FLOP ***  [Tc 8h Ah]
*** FIRST TURN *** [Tc 8h Ah] [6h]
*** FIRST RIVER *** [Tc 8h Ah 6h] [Jd]
*** SECOND FLOP ***  [9h 9c Kc]
*** SECOND TURN *** [9h 9c Kc] [6s]
*** SECOND RIVER *** [9h 9c Kc 6s] [As]
*** FIRST SHOW DOWN ***
951600 collected $1,354 from pot
*** SECOND SHOW DOWN ***
951600 collected $1,354 from pot
*** SUMMARY *** 
Total pot $2,768 | Rake $60
Hand was run two times
FIRST 
Board [Tc 8h Ah 6h Jd]
SECOND 
Board [9h 9c Kc 6s As]
Seat 1: 951600 showed [Qs Ks] and won ($1,354) with Aces-High Straight, and won ($1,354) with Pair of Kings and Pair of Nines
Seat 4: 559023 folded before Flop
Seat 5: 1802531 (button) showed [Td Ts] and lost with Three Tens, and lost with Pair of Tens and Pair of Nines
