Poker Hand #OM232604226: PLO ($5/$10) - 2021/01/20 20:13:50
Table 'PLOPlatinum5' 6-max Seat #3 is the button
Seat 1: f4ed9d ($1,289.63 in chips)
Seat 2: 23012d0d ($987.05 in chips)
Seat 3: ecb5631c ($1,000 in chips)
Seat 4: 2d761070 ($2,891.66 in chips)
Seat 5: Hero ($100 in chips)
Seat 6: d379b979 ($1,104 in chips)
2d761070: posts small blind $5
Hero: posts big blind $10
d379b979: posts missed blind $5
d379b979: posts big blind $10
*** HOLE CARDS ***
Dealt to f4ed9d 
Dealt to 23012d0d 
Dealt to ecb5631c 
Dealt to 2d761070 
Dealt to Hero [4h 3h 7c Kh]
Dealt to d379b979 
d379b979: raises $30 to $40
f4ed9d: folds
23012d0d: folds
ecb5631c: folds
2d761070: folds
Hero: folds
Uncalled bet ($30) returned to d379b979
*** SHOWDOWN ***
d379b979 collected $28.5 from pot
*** SUMMARY ***
Total pot $30 | Rake $1.5 | Jackpot $0 | Bingo $0
Seat 1: f4ed9d folded before Flop (didn't bet)
Seat 2: 23012d0d folded before Flop (didn't bet)
Seat 3: ecb5631c (button) folded before Flop (didn't bet)
Seat 4: 2d761070 (small blind) folded before Flop
Seat 5: Hero (big blind) folded before Flop
Seat 6: d379b979 collected ($28.5)