PokerStars Hand #213326978771:  6+ Hold'em No Limit (Button Blind $0.25 - Ante $0.25  USD) - 2020/05/05 16:31:20 WET [2020/05/05 11:31:20 ET]
Table 'Harding II' 6-max Seat #2 is the button
Seat 1: Player0 ($36.09 in chips) 
Seat 2: Player1 ($74.61 in chips) 
Seat 3: Player2 ($6.18 in chips) 
Seat 4: Player3 ($62.95 in chips) 
Seat 6: Hero ($43.19 in chips) 
Player1: posts button blind $0.25
Player0: posts the ante $0.25
Player1: posts the ante $0.25
Player2: posts the ante $0.25
Player3: posts the ante $0.25
Hero: posts the ante $0.25
*** HOLE CARDS ***
Dealt to Hero [Ah Ac]
Player2: calls $0.25
Player3: calls $0.25
Hero: raises $2.25 to $2.50
Player0: raises $33.34 to $35.84 and is all-in
Player1: folds 
Player2: folds 
Player3: folds 
Hero: calls $33.34
*** FLOP *** [Qs 7c Qd]
*** TURN *** [Qs 7c Qd] [8d]
*** RIVER *** [Qs 7c Qd 8d] [9d]
*** SHOW DOWN ***
Hero: shows [Ah Ac] (two pair, Aces and Queens)
Player0: shows [Ad Kc] (a pair of Queens)
Player0 cashed out the hand for $10.70 | Cash Out Fee $0.11
Hero cashed out the hand for $60.26 | Cash Out Fee $0.61
*** SUMMARY ***
Total pot $73.68 | Rake $2 
Board [Qs 7c Qd 8d 9d]
Seat 1: Player0 showed [Ad Kc] and lost with a pair of Queens (cashed out).
Seat 2: Player1 (button blind) folded before Flop
Seat 3: Player2 folded before Flop
Seat 4: Player3 folded before Flop
Seat 6: Hero showed [Ah Ac] and won ($71.68) with two pair, Aces and Queens (pot not awarded as player cashed out)