PokerStars Hand #199247789909:  6+ Hold'em No Limit (Button Blind $2 - Ante $2  USD) - 2019/04/13 18:36:55 CET [2019/04/13 12:36:55 ET]
Table 'Bharani II' 6-max Seat #1 is the button
Seat 1: Hero ($870.60 in chips) 
Seat 2: Player0 ($508.30 in chips) 
Seat 3: Player1 ($190.21 in chips) 
Seat 4: Player2 ($1048.38 in chips) 
Seat 5: Player3 ($1480.10 in chips) 
Seat 6: Player4 ($237.16 in chips) 
Hero: posts the ante $2
Player0: posts the ante $2
Player1: posts the ante $2
Player2: posts the ante $2
Player3: posts the ante $2
Player4: posts the ante $2
Hero: posts button blind $2
*** HOLE CARDS ***
Dealt to Hero [8d Kc]
Player0: folds 
Player1: folds 
Player2: folds 
Player3: folds 
Player4: folds 
Uncalled bet ($2) returned to Hero
Hero collected $12 from pot
Hero: doesn't show hand 
*** SUMMARY ***
Total pot $12 | Rake $0 
Seat 1: Hero (button blind) collected ($12)
Seat 2: Player0 folded before Flop (didn't bet)
Seat 3: Player1 folded before Flop (didn't bet)
Seat 4: Player2 folded before Flop (didn't bet)
Seat 5: Player3 folded before Flop (didn't bet)
Seat 6: Player4 folded before Flop (didn't bet)